@book{goodfellow16,
    title={Deep Learning},
    author={Ian Goodfellow and Yoshua Bengio and Aaron Courville},
    publisher={MIT Press},
    year={2016},
    edition={First}
}

@book{jurafsky09,
	title={Speech and Language Processing},
	author={Daniel Jurafsky and James H. Martin},
	publisher={Pearson Education},
	year={2009},
	edition={International}
}

@book{yaser12,
	title={Learning From Data},
	author={Yaser S. Abu-Mostafa and Malik Magdon-Ismail and Hsuan-Tien Lin},
	publisher={AMLbook.com},
	year={2012},
	edition{first}
}